<?xml version="1.0" encoding="UTF-8"?><collection xmlns="http://www.loc.gov/MARC21/slim"><record><leader>00350nam--2200109-i-4500</leader><controlfield tag="001">000018581</controlfield><controlfield tag="002">20161230</controlfield><controlfield tag="005">20161230201032</controlfield><controlfield tag="008">060222s1000------------r-----000-0-eng-d</controlfield><datafield ind1=" " ind2=" " tag="245"><subfield code="a">Epurarea gazelor de fum de la termocentrale. experienta institutului de cercetari stiintifice pentru protectia muncii</subfield></datafield><datafield ind1=" " ind2=" " tag="260"><subfield code="a">Bucuresti, I.D.T., 1958. 54 P</subfield></datafield><datafield ind1=" " ind2=" " tag="852"><subfield code="a">8691</subfield></datafield></record></collection>